<?xml version="1.0" encoding="UTF-8"?><record xmlns="http://www.loc.gov/MARC21/slim" xmlns:cinclude="http://apache.org/cocoon/include/1.0" xmlns:zs="http://www.loc.gov/zing/srw/">
  <leader>00495cz  a2200157n  4500</leader>
  <controlfield tag="001">n  89624441 </controlfield>
  <controlfield tag="003">DLC</controlfield>
  <controlfield tag="005">20031216071330.0</controlfield>
  <controlfield tag="008">890420n| acannaabn          |a aad      </controlfield>
  <datafield tag="010" ind1=" " ind2=" ">
    <subfield code="a">n  89624441 </subfield>
  </datafield>
  <datafield tag="035" ind1=" " ind2=" ">
    <subfield code="a">(OCoLC)oca02507913</subfield>
  </datafield>
  <datafield tag="040" ind1=" " ind2=" ">
    <subfield code="a">DLC</subfield>
    <subfield code="c">DLC</subfield>
    <subfield code="d">NcD</subfield>
  </datafield>
  <datafield tag="100" ind1="1" ind2=" ">
    <subfield code="a">Findlater, John</subfield>
  </datafield>
  <datafield tag="400" ind1="1" ind2=" ">
    <subfield code="a">Findlater, J.</subfield>
    <subfield code="q">(John)</subfield>
  </datafield>
  <datafield tag="670" ind1=" " ind2=" ">
    <subfield code="a">nuc89-43531: His Perfect love, 1985</subfield>
    <subfield code="b">(hdg. on MoKN rept.: Findlater, John; usage: John Findlater)</subfield>
  </datafield>
  <datafield tag="670" ind1=" " ind2=" ">
    <subfield code="a">Our noble heritage, 1937:</subfield>
    <subfield code="b">t.p. (Rev. J. Findlater)</subfield>
  </datafield>
</record>